<record><leader>00000cas a22000007a 4500</leader><controlfield tag="001">17941200</controlfield><controlfield tag="008">880512d18211822ohuwr ne      0    0eng d</controlfield><datafield ind1=" " ind2=" " tag="010"><subfield code="a">sn 88077492 </subfield></datafield><datafield ind1=" " ind2=" " tag="040"><subfield code="a">ONP</subfield><subfield code="b">eng</subfield><subfield code="c">ONP</subfield><subfield code="d">OCLCQ</subfield></datafield><datafield ind1=" " ind2=" " tag="042"><subfield code="a">msc</subfield></datafield><datafield ind1="0" ind2=" " tag="130"><subfield code="a">Lebanon gazette (Lebanon, Warren County, Ohio : 1821)</subfield></datafield><datafield ind1="1" ind2="4" tag="245"><subfield code="a">The Lebanon gazette.</subfield></datafield><datafield ind1=" " ind2=" " tag="260"><subfield code="a">Lebanon, (Ohio) :</subfield><subfield code="b">William A. Camron</subfield></datafield><datafield ind1=" " ind2=" " tag="310"><subfield code="a">Weekly</subfield></datafield><datafield ind1="1" ind2=" " tag="362"><subfield code="a">Began with Nov. 21, 1821 issue? Ceased with Aug. 10, 1822 issue.</subfield></datafield><datafield ind1=" " ind2=" " tag="588"><subfield code="a">Description based on: Vol. 1, no. 26 (May 18, 1822).</subfield></datafield><datafield ind1=" " ind2=" " tag="752"><subfield code="a">United States</subfield><subfield code="b">Ohio</subfield><subfield code="c">Warren</subfield><subfield code="d">Lebanon.</subfield></datafield><datafield ind1="0" ind2="7" tag="785"><subfield code="t">Western star (Lebanon, Warren County, Ohio : 1807)</subfield><subfield code="w">(DLC)sn 83035040</subfield></datafield><datafield ind1="0" ind2="7" tag="785"><subfield code="t">Western star &amp; Lebanon gazette (Lebanon, Warren County, Ohio : 1822)</subfield><subfield code="w">(DLC)sn 85038194</subfield></datafield></record>